@inproceedings{chatterjee2000cache,
  title={Cache-efficient matrix transposition},
  author={Chatterjee, Siddhartha and Sen, Sandeep},
  booktitle={Proceedings Sixth International Symposium on High-Performance Computer Architecture. HPCA-6 (Cat. No. PR00550)},
  pages={195--205},
  year={2000},
  organization={IEEE}
}